<?xml version="1.0" encoding="UTF-8"?><collection xmlns="http://www.loc.gov/MARC21/slim"><record><leader>00345nam--2200133-i-4500</leader><controlfield tag="001">000015367</controlfield><controlfield tag="002">20161230</controlfield><controlfield tag="005">20161230201031</controlfield><controlfield tag="008">060222s1000------------r-----000-0-eng-d</controlfield><datafield ind1=" " ind2=" " tag="080"><subfield code="a">621.396:621.396.75</subfield></datafield><datafield ind1=" " ind2=" " tag="100"><subfield code="a">Bolborici, E</subfield></datafield><datafield ind1=" " ind2=" " tag="245"><subfield code="a">Initiere in radiio. metria de amator</subfield></datafield><datafield ind1=" " ind2=" " tag="260"><subfield code="a">Bucuresti, Ed. Sport-turism, 1984. 130 P</subfield></datafield><datafield ind1=" " ind2=" " tag="852"><subfield code="a">72137</subfield></datafield></record></collection>